<?xml version="1.0" encoding="UTF-8"?><collection xmlns="http://www.loc.gov/MARC21/slim"><record><leader>00558nam--2200181-i-4500</leader><controlfield tag="001">000017773</controlfield><controlfield tag="002">20161230</controlfield><controlfield tag="005">20161230201032</controlfield><controlfield tag="008">060222s1000------------r-----000-0-fre-d</controlfield><datafield ind1=" " ind2=" " tag="040"><subfield code="a">IFIN-HH</subfield></datafield><datafield ind1=" " ind2=" " tag="041"><subfield code="a">fre</subfield></datafield><datafield ind1=" " ind2=" " tag="080"><subfield code="a">532.135:539.215(043)</subfield></datafield><datafield ind1="1" ind2=" " tag="100"><subfield code="a">Aubry, Patrick</subfield></datafield><datafield ind1="1" ind2="0" tag="245"><subfield code="a">Determination experimentale des parametres de la loi rheologique incrementale d'un milieu pulverulent</subfield><subfield code="b">These</subfield><subfield code="c">Patrick aubry</subfield></datafield><datafield ind1=" " ind2=" " tag="260"><subfield code="a">Grenoble</subfield><subfield code="b">L'Universite Scientifique Et Medicale</subfield><subfield code="c">1974</subfield></datafield><datafield ind1=" " ind2=" " tag="300"><subfield code="a">139 P</subfield></datafield><datafield ind1=" " ind2=" " tag="852"><subfield code="a">44006</subfield><subfield code="c">532</subfield></datafield><datafield ind1=" " ind2=" " tag="CAT"><subfield code="a">Sys</subfield><subfield code="c">20110113</subfield><subfield code="h">133924</subfield></datafield></record></collection>